@article{abelson1991revised,
  title={Revised 4 report on the algorithmic language Scheme},
  author={Abelson, Harold and Dybvig, RK and Haynes, CT and Rozas, GJ and Adams IV, NI and Friedman, DP and Kohlbecker, E and Steele Jr, GL and Bartley, DH and Halstead, R and others},
  journal={ACM SIGPLAN Lisp Pointers},
  volume={4},
  number={3},
  pages={1--55},
  year={1991},
  publisher={ACM}
}

@inproceedings{friedman1988applications,
  title={Applications of continuations},
  author={Friedman, Daniel P},
  booktitle={Proceedings of the ACM Conference on Principles of Programming Languages},
  year={1988}
}

@article{steele1978rabbit,
  title={Rabbit: A compiler for Scheme},
  author={Steele Jr, Guy L},
  year={1978},
  publisher={Massachusetts Institute of Technology}
}

@article{dybvig1993syntactic,
  title={Syntactic abstraction in Scheme},
  author={Dybvig, R Kent and Hieb, Robert and Bruggeman, Carl},
  journal={Lisp and symbolic computation},
  volume={5},
  number={4},
  pages={295--326},
  year={1993},
  publisher={Springer}
}

@phdthesis{Kohlbecker:1986:SEP:19214,
 author = {Kohlbecker, E E},
 title = {Syntactic Extensions in the Programming Language LISP},
 year = {1986},
 note = {UMI Order No. GAX86-27998},
 publisher = {Indiana University},
 address = {Indianapolis, IN, USA},
} 

@misc{Kiselyov:againstcallcc,
  author = {Kiselyov, O},
  title = {An argument against call/cc},
  howpublished = {\url{http://okmij.org/ftp/continuations/against-callcc.html}},
  note = {Accessed: 2019-02-13}
}